[gd_scene load_steps=8 format=2]

[ext_resource path="res://MainMenu/MainMenu.gd" type="Script" id=1]
[ext_resource path="res://MainMenu/titleLogo.png" type="Texture" id=2]
[ext_resource path="res://MainMenu/Buttons/StartGameButton.tscn" type="PackedScene" id=3]
[ext_resource path="res://MainMenu/Buttons/OptionsButton.tscn" type="PackedScene" id=4]
[ext_resource path="res://MainMenu/Buttons/ExitButton.tscn" type="PackedScene" id=5]
[ext_resource path="res://MainMenu/graphicLogo.png" type="Texture" id=6]
[ext_resource path="res://MainMenu/Buttons/FadeTransition.tscn" type="PackedScene" id=7]

[node name="MainMenu" type="Control"]
anchor_right = 1.0
anchor_bottom = 1.0
script = ExtResource( 1 )

[node name="Menu" type="VBoxContainer" parent="."]
editor/display_folded = true
margin_left = 120.0
margin_top = 80.0
margin_right = 1160.0
margin_bottom = 640.0

[node name="Logo" type="TextureRect" parent="Menu"]
margin_right = 1040.0
margin_bottom = 134.0
texture = ExtResource( 2 )
stretch_mode = 4

[node name="CenterRowContainer" type="HBoxContainer" parent="Menu"]
margin_top = 138.0
margin_right = 1040.0
margin_bottom = 560.0
size_flags_vertical = 3

[node name="ButtonContainer" type="VBoxContainer" parent="Menu/CenterRowContainer"]
margin_right = 518.0
margin_bottom = 422.0
size_flags_horizontal = 3
size_flags_vertical = 3
custom_constants/separation = 30
alignment = 1

[node name="StartGameButton" parent="Menu/CenterRowContainer/ButtonContainer" instance=ExtResource( 3 )]
margin_top = 46.0
margin_bottom = 136.0

[node name="OptionsButton" parent="Menu/CenterRowContainer/ButtonContainer" instance=ExtResource( 4 )]
margin_top = 166.0
margin_bottom = 256.0

[node name="ExitButton" parent="Menu/CenterRowContainer/ButtonContainer" instance=ExtResource( 5 )]
margin_top = 286.0
margin_bottom = 376.0

[node name="CenterContainer" type="CenterContainer" parent="Menu/CenterRowContainer"]
margin_left = 522.0
margin_right = 1040.0
margin_bottom = 422.0
size_flags_horizontal = 3
size_flags_vertical = 3

[node name="GraphicLogo" type="TextureRect" parent="Menu/CenterRowContainer/CenterContainer"]
margin_left = 136.0
margin_top = 21.0
margin_right = 382.0
margin_bottom = 400.0
texture = ExtResource( 6 )

[node name="FadeTransition" parent="." instance=ExtResource( 7 )]
visible = false
margin_left = -4.0
margin_right = -4.0
[connection signal="pressed" from="Menu/CenterRowContainer/ButtonContainer/StartGameButton" to="." method="_on_StartGameButton_pressed"]
[connection signal="pressed" from="Menu/CenterRowContainer/ButtonContainer/OptionsButton" to="." method="_on_OptionsButton_pressed"]
[connection signal="pressed" from="Menu/CenterRowContainer/ButtonContainer/ExitButton" to="." method="_on_ExitButton_pressed"]
[connection signal="fade_finished" from="FadeTransition" to="." method="_on_FadeTransition_fade_finished"]
